<?xml version="1.0" encoding="UTF-8"?><collection xmlns="http://www.loc.gov/MARC21/slim"><record><leader>00355nam--2200133-i-4500</leader><controlfield tag="001">000028252</controlfield><controlfield tag="002">20161230</controlfield><controlfield tag="005">20161230201037</controlfield><controlfield tag="008">060222s1000------------r-----000-0-eng-d</controlfield><datafield ind1=" " ind2=" " tag="100"><subfield code="a">Ivan, Dadic/S.A.</subfield></datafield><datafield ind1=" " ind2=" " tag="260"><subfield code="a">Particle Physics 1980</subfield></datafield><datafield ind1=" " ind2=" " tag="490"><subfield code="a">Amsterdam,North-holland Publishing Company, 1981. Viii+495p</subfield></datafield><datafield ind1=" " ind2=" " tag="700"><subfield code="a">Ivan, Andrie</subfield></datafield><datafield ind1=" " ind2=" " tag="852"><subfield code="a">539.12(061.3)</subfield></datafield></record></collection>